@INPROCEEDINGS{formal,
  author = {I. Diatchki and M. Jones and T. Hallgren},
  title = {A formal specification of the Haskell 98 module system},
  booktitle = {Proc. of the 2002 Haskell Workshop},
  year = {2002}}

@ARTICLE{scoped,
  author = {A. Dijkstra and others},
  title = {Modelling Scoped Instances with Constraint Handling Rules},
  note = {\url{http://www.cs.uu.nl/wiki/bin/viewfile/Ehc/ModellingScopedInstancesWithConstraintHandlingRules?rev=1.1;filename=20070406-2213-icfp07-chr-locinst.pdf}},
  publisher = {Universiteit Utrecht},
  year = {2007}
}

@INPROCEEDINGS{modular,
  author = {D. Dreyer and others},
  title = {Module Type Classes},
  booktitle = {SIGPLAN Notices},
  pages = {63-70},
  year = {2007},
  volume = {42},
  number = {1}
}

@INPROCEEDINGS{tch,
  author = {C. V. Hall and others},
  title = {Type classes in Haskell},
  booktitle = {ACM Transactions on Programming Languages and Systems},
  volume = {18},
  number = {2},
  pages = {109-138},
  year = {1996}
}

@TECHREPORT{named,
  author = {W. Kahl and J. Scheffczyk},
  title = {Named Instances for Haskell Type Class},
  booktitle = {Preliminary Proc. of the 2001 ACM SIGPLAN Haskell Workshop},
  number = {UU-CS-2001-62},
  year = {2001},
  institution = {Universiteit Utrecht}
}

@INPROCEEDINGS{claims,
  author = {S. Markstrum},
  title = {Staking Claims: A History of Programming Language Design Claims and Evidence (A Positional Work in Progress)},
  booktitle = {Proc of the Workshop on Evaluation and Usability of Programming Languages and Tools},
  year = {2010}
}

@book{report,
  editor = {S. Marlow},
  title = {Haskell 2010: Language Report},
  note = {\url{http://www.haskell.org/onlinereport/haskell2010/}},
  year = {2010}
}

@TECHREPORT{sml,
  author = {R. Milner and M. Tofte and R. Harper},
  title = {The Definition of Standards ML, version 2},
  number = {ECS-LFCS-88-62},
  institution = {Edinburgh University, Computer Science Dept.},
  year = {1988}
}

@BOOK{scala,
  author = {M. Odersky and L. Spoon and B. Venners},
  title = {Programming in {Scala}},
  edition = {2nd},
  publisher = {artima},
  year = {2012}
}

@INPROCEEDINGS{tc,
  author = {S. {Peyton Jones} and M. Jones and E. Meijer},
  title = {Type classes: An exploration of the design space},
  booktitle = {Haskell Workshop},
  year = {1997}
}

@BOOK{pierce,
  author = {B. C. Pierce},
  title = {Types and Programming Languages},
  publisher = {The MIT Press},
  year = {2002}
}

@INPROCEEDINGS{wadler,
  author = {P. Wadler and S. Blott},
  title = {How to make ad-hoc polymorphism less ad hoc},
  booktitle = {Proc of the 16th ACM Symposium on Principles of Programming Languages},
  pages = {60-76},
  year = {1989}
}

@INPROCEEDINGS{history,
  author = {P. Hudak and others},
  year = {2007},
  title = {A history of {Haskell}: Being lazy with class},
  booktitle = {HOPL-III: Proc. 3rd ACM SIGPLAN Conf. History of Programming Languages},
  publisher = {ACM Press},
  address = {San Diego, CA, USA},
  pages = {1-55}
}

@BOOK{stroustrup,
  author = {B. Stroustrup},
  title = {The C++ Programming Language},
  year = {1997},
  edition = {3rd},
  publisher = {Addison-Wesley}}

@BOOK{java,
  author = {K. Arnold and J. Gosling and D. C. Holmes},
  title = {The Java Programming Language},
  edition = {4rd},
  publisher = {Prentice Hall},
  year = {2006}}
